@book{mackay2003information,
  title={Information theory, inference and learning algorithms},
  author={MacKay, David JC},
  year={2003},
  publisher={Cambridge university press}
}

@online{game_revenue,
    title = {Video Games - Worldwide},
    author = {Statista},
    url = {https://www.statista.com/outlook/dmo/digital-media/video-games/worldwide#revenue},
    publisher={Statista}
}

@online{paid_mods,
    key = {The Elder Scrolls Mods Wiki},
    url = {https://tes-mods.fandom.com/wiki/Paid_Mods},
}

@online{forspoken_game_studio,
    author = {Paul Tassi},
    year = {2023},
    month = {02},
    title = {‘Forspoken’ Studio Is Being Folded Into Square Enix, Raising Questions},
    url = {https://www.forbes.com/sites/paultassi/2023/02/28/forspoken-studio-is-being-folded-into-square-enix-raising-questions/},
}

@online{steam_website,
    key = {Steam},
    url = {https://store.steampowered.com/},
}

@online{first_dataset,
    key = {Steam Dataset 1},
    url = {https://github.com/mulhod/steam_reviews},
}

@online{second_dataset,
    key = {Steam Dataset 2},
    url = {https://www.kaggle.com/datasets/andrewmvd/steam-reviews},
}

@online{many_stop_words,
    key = {Many Stop Words},
    url = {https://pypi.org/project/many-stop-words/},
}

@unpublished{spacy,
    AUTHOR = {Honnibal, Matthew and Montani, Ines},
    TITLE  = {{spaCy 2}: Natural language understanding with {B}loom embeddings, convolutional neural networks and incremental parsing},
    YEAR   = {2017},
}

@article{Scikit,
  title={Scikit-learn: Machine learning in Python},
  author={Pedregosa, Fabian and Varoquaux, Ga{\"e}l and Gramfort, Alexandre and Michel, Vincent and Thirion, Bertrand and Grisel, Olivier and Blondel, Mathieu and Prettenhofer, Peter and Weiss, Ron and Dubourg, Vincent and others},
  journal={Journal of machine learning research},
  volume={12},
  number={Oct},
  year={2011}
}

@inproceedings{zagalladdjohnson,
author = {Zagal, Jose and Ladd, Amanda and Johnson, Terris},
year = {2009},
month = {04},
pages = {215-222},
title = {Characterizing and understanding game reviews},
doi = {10.1145/1536513.1536553}
}

@article{linbezemerzouhassan,
author = {Lin, Dayi and Bezemer, Cor-Paul and Zou, Ying and Hassan, Ahmed E.},
year = {2019},
month = {02},
title = {An Empirical Study of Game Reviews on the Steam Platform},
volume = {24},
journal = {Empirical Software Engineering},
doi = {10.1007/s10664-018-9627-4}
}


@misc{gitrepo,
    author = {Pasch, Michael and Schäfer, Nikolas and Schüle, Isabel},
    title = {Steaming Game Reviews - Analysis},
    url = {https://github.com/qcisi444/steaming-game-reviews_analysis}
}

@book{bird2009natural,
  title={Natural language processing with Python: analyzing text with the natural language toolkit},
  author={Bird, Steven and Klein, Ewan and Loper, Edward},
  year={2009},
  publisher={" O'Reilly Media, Inc."}
}

